<?xml version="1.0" encoding="UTF-8"?><collection xmlns="http://www.loc.gov/MARC21/slim"><record><leader>00393nam--2200133-i-4500</leader><controlfield tag="001">000037196</controlfield><controlfield tag="002">20161230</controlfield><controlfield tag="005">20161230201041</controlfield><controlfield tag="008">060222s1000------------r-----000-0-eng-d</controlfield><datafield ind1=" " ind2=" " tag="080"><subfield code="a">001.891(048.1):331.7(048.1):338.062(048.1)</subfield></datafield><datafield ind1=" " ind2=" " tag="245"><subfield code="a">Probleme privind cadrele de cercetare</subfield></datafield><datafield ind1=" " ind2=" " tag="260"><subfield code="a">Bucuresti, Inst.Central De Docum.Tehnica, /F.An/, 12p</subfield></datafield><datafield ind1=" " ind2=" " tag="490"><subfield code="a">Cercetare Documentara</subfield></datafield><datafield ind1=" " ind2=" " tag="852"><subfield code="a">D.1322</subfield></datafield></record></collection>